@article{guidi2011ultrastructural,
  title={Ultrastructural analyses support different morphological lineages in the phylum placozoa Grell, 1971},
  author={Guidi, Loretta and Eitel, Michael and Cesarini, Erica and Schierwater, Bernd and Balsamo, Maria},
  journal={Journal of Morphology},
  volume={272},
  number={3},
  pages={371--378},
  year={2011},
  publisher={Wiley Online Library}
}
@article{ringrose2013deep,
  title={Deep proteome profiling of Trichoplax adhaerens reveals remarkable features at the origin of metazoan multicellularity},
  author={Ringrose, Jeffrey H and van den Toorn, Henk WP and Eitel, Michael and Post, Harm and Neerincx, Pieter and Schierwater, Bernd and Altelaar, AF Maarten and Heck, Albert JR},
  journal={Nature communications},
  volume={4},
  pages={1408},
  year={2013},
  publisher={Nature Publishing Group}
}
@article{jakob2004trox,
  title={The Trox-2 Hox/ParaHox gene of Trichoplax (Placozoa) marks an epithelial boundary},
  author={Jakob, Wolfgang and Sagasser, Sven and Dellaporta, Stephen and Holland, Peter and Kuhn, Kerstin and Schierwater, Bernd},
  journal={Development genes and evolution},
  volume={214},
  number={4},
  pages={170--175},
  year={2004},
  publisher={Springer}
}
@article{eitel2011new,
  title={New insights into placozoan sexual reproduction and development},
  author={Eitel, Michael and Guidi, Loretta and Hadrys, Heike and Balsamo, Maria and Schierwater, Bernd},
  journal={PLoS One},
  volume={6},
  number={5},
  pages={e19639},
  year={2011},
  publisher={Public Library of Science}
}
@article{mendivil2012ghost,
  title={Ghost Loci Imply Hox and ParaHox Existence in the Last Common Ancestor of Animals},
  author={Mendivil Ramos, Olivia and Barker, Daniel and Ferrier, David EK},
  journal={Current Biology},
  year={2012},
  publisher={Elsevier}
}
@article{srivastava2008trichoplax,
  title={The Trichoplax genome and the nature of placozoans},
  author={Srivastava, Mansi and Begovic, Emina and Chapman, Jarrod and Putnam, Nicholas H and Hellsten, Uffe and Kawashima, Takeshi and Kuo, Alan and Mitros, Therese and Salamov, Asaf and Carpenter, Meredith L and others},
  journal={Nature},
  volume={454},
  number={7207},
  pages={955--960},
  year={2008},
  publisher={Nature Publishing Group}
}
@article{grell1971trichoplax,
  title={Trichoplax adhaerens FE Schulze und die Entstehung der Metazoen},
  author={Grell, KG},
  journal={Naturwiss. Rundschau},
  volume={24},
  number={4},
  pages={160--161},
  year={1971}
}
@book{schulze1892trichoplax,
  title={{\"U}ber Trichoplax adhaerens},
  author={Schulze, Franz Eilhard},
  year={1892},
  publisher={Verlag d. K{\"o}nigl. Akad. d. Wiss.}
}