%biafra ahanonu
%latex_boilerplate
%updated: 2013.06.16
%citations
@article{sattely2008total,
  title={Total biosynthesis: in vitro reconstitution of polyketide and nonribosomal peptide pathways},
  author={Sattely, Elizabeth S and Fischbach, Michael A and Walsh, Christopher T},
  journal={Natural product reports},
  volume={25},
  number={4},
  pages={757--793},
  year={2008},
  publisher={Royal Society of Chemistry}
}
@article{evans2011directed,
  title={Directed evolution of the nonribosomal peptide synthetase AdmK generates new andrimid derivatives in vivo},
  author={Evans, Bradley S and Chen, Yunqiu and Metcalf, William W and Zhao, Huimin and Kelleher, Neil L},
  journal={Chemistry \& biology},
  volume={18},
  number={5},
  pages={601--607},
  year={2011},
  publisher={Elsevier}
}