%biafra ahanonu
%latex_boilerplate
%updated: 2012.12.22
%citations
@article{stent1978neuronal,
  title={Neuronal generation of the leech swimming movement},
  author={Stent, Gunther S and Kristan Jr, William B and Friesen, W Otto and Ort, Carol A and Poon, Margaret and Calabrese, Ronald L},
  journal={Science},
  volume={200},
  number={4348},
  pages={1348--1357},
  year={1978},
  publisher={American Association for the Advancement of Science}
}
@article{chung2013structural,
  title={Structural and molecular interrogation of intact biological systems},
  author={Chung, Kwanghun and Wallace, Jenelle and Kim, Sung-Yon and Kalyanasundaram, Sandhiya and Andalman, Aaron S and Davidson, Thomas J and Mirzabekov, Julie J and Zalocusky, Kelly A and Mattis, Joanna and Denisin, Aleksandra K and others},
  journal={Nature},
  volume={497},
  number={7449},
  pages={332--337},
  year={2013},
  publisher={Nature Publishing Group}
}
@article{jonsson2008tardigrades,
  title={Tardigrades survive exposure to space in low Earth orbit},
  author={J{\"o}nsson, K Ingemar and Rabbow, Elke and Schill, Ralph O and Harms-Ringdahl, Mats and Rettberg, Petra},
  journal={Current biology},
  volume={18},
  number={17},
  pages={R729--R731},
  year={2008},
  publisher={Elsevier}
}
@article{dean2008mapreduce,
  title={MapReduce: simplified data processing on large clusters},
  author={Dean, Jeffrey and Ghemawat, Sanjay},
  journal={Communications of the ACM},
  volume={51},
  number={1},
  pages={107--113},
  year={2008},
  publisher={ACM}
}
@article{cvijetic2012ofdm,
  title={OFDM for next-generation optical access networks},
  author={Cvijetic, Neda},
  journal={Lightwave Technology, Journal of},
  volume={30},
  number={4},
  pages={384--398},
  year={2012},
  publisher={IEEE}
}
@article{feil1996ligand,
  title={Ligand-activated site-specific recombination in mice},
  author={Feil, R and Brocard, J and Mascrez, B and LeMeur, M and Metzger, D and Chambon, P},
  journal={Proceedings of the National Academy of Sciences},
  volume={93},
  number={20},
  pages={10887--10890},
  year={1996},
  publisher={National Acad Sciences}
}
@article{kasianowicz2008nanoscopic,
  title={Nanoscopic porous sensors},
  author={Kasianowicz, John J and Robertson, Joseph WF and Chan, Elaine R and Reiner, Joseph E and Stanford, Vincent M},
  journal={Annu. Rev. Anal. Chem.},
  volume={1},
  pages={737--766},
  year={2008},
  publisher={Annual Reviews}
}
@article{korlach2008selective,
  title={Selective aluminum passivation for targeted immobilization of single DNA polymerase molecules in zero-mode waveguide nanostructures},
  author={Korlach, Jonas and Marks, Patrick J and Cicero, Ronald L and Gray, Jeremy J and Murphy, Devon L and Roitman, Daniel B and Pham, Thang T and Otto, Geoff A and Foquet, Mathieu and Turner, Stephen W},
  journal={Proceedings of the National Academy of Sciences},
  volume={105},
  number={4},
  pages={1176--1181},
  year={2008},
  publisher={National Acad Sciences}
}
@article{mckenna2010genome,
  title={The Genome Analysis Toolkit: a MapReduce framework for analyzing next-generation DNA sequencing data},
  author={McKenna, Aaron and Hanna, Matthew and Banks, Eric and Sivachenko, Andrey and Cibulskis, Kristian and Kernytsky, Andrew and Garimella, Kiran and Altshuler, David and Gabriel, Stacey and Daly, Mark and others},
  journal={Genome research},
  volume={20},
  number={9},
  pages={1297--1303},
  year={2010},
  publisher={Cold Spring Harbor Lab}
}
@article{mannion2007nanofluidic,
  title={Nanofluidic structures for single biomolecule fluorescent detection},
  author={Mannion, JT and Craighead, HG},
  journal={Biopolymers},
  volume={85},
  number={2},
  pages={131--143},
  year={2007},
  publisher={Wiley Online Library}
}
@article{craighead2006future,
  title={Future lab-on-a-chip technologies for interrogating individual molecules},
  author={Craighead, Harold},
  journal={Nature},
  volume={442},
  number={7101},
  pages={387--393},
  year={2006},
  publisher={Nature Publishing Group}
}
@article{zhang2013plasmonic,
  title={Plasmonic Metal Nanostructure Array by Glancing Angle Deposition for Biosensing Application},
  author={Zhang, Nan and Su, Xiaodi and Free, Paul and Zhou, Xiaodong and Neoh, Koon Gee and Teng, Jinghua and Knoll, Wolfgang},
  journal={Sensors and Actuators B: Chemical},
  year={2013},
  publisher={Elsevier}
}
@article{kricka2001microchips,
  title={Microchips, microarrays, biochips and nanochips: personal laboratories for the 21st century},
  author={Kricka, Larry J},
  journal={Clinica Chimica Acta},
  volume={307},
  number={1},
  pages={219--223},
  year={2001},
  publisher={Elsevier}
}
@article{cai2010molecular,
  title={A molecular-imprint nanosensor for ultrasensitive detection of proteins},
  author={Cai, Dong and Ren, Lu and Zhao, Huaizhou and Xu, Chenjia and Zhang, Lu and Yu, Ying and Wang, Hengzhi and Lan, Yucheng and Roberts, Mary F and Chuang, Jeffrey H and others},
  journal={Nature nanotechnology},
  volume={5},
  number={8},
  pages={597--601},
  year={2010},
  publisher={Nature Publishing Group}
}
@article{guan2008imprinting,
  title={Imprinting of molecular recognition sites on nanostructures and its applications in chemosensors},
  author={Guan, Guijian and Liu, Bianhua and Wang, Zhenyang and Zhang, Zhongping},
  journal={Sensors},
  volume={8},
  number={12},
  pages={8291--8320},
  year={2008},
  publisher={Molecular Diversity Preservation International}
}
@article{kolb2001click,
  title={Click chemistry: diverse chemical function from a few good reactions},
  author={Kolb, Hartmuth C and Finn, MG and Sharpless, K Barry},
  journal={Angewandte Chemie International Edition},
  volume={40},
  number={11},
  pages={2004--2021},
  year={2001},
  publisher={Wiley Online Library}
}
@article{shapiro2010directed,
  title={Directed evolution of a magnetic resonance imaging contrast agent for noninvasive imaging of dopamine},
  author={Shapiro, Mikhail G and Westmeyer, Gil G and Romero, Philip A and Szablowski, Jerzy O and K{\"u}ster, Benedict and Shah, Ameer and Otey, Christopher R and Langer, Robert and Arnold, Frances H and Jasanoff, Alan},
  journal={Nature biotechnology},
  volume={28},
  number={3},
  pages={264--270},
  year={2010},
  publisher={Nature Publishing Group}
}
@article{brustad2012structure,
  title={Structure-guided directed evolution of highly selective p450-based magnetic resonance imaging sensors for dopamine and serotonin},
  author={Brustad, Eric M and Lelyveld, Victor S and Snow, Christopher D and Crook, Nathan and Jung, Sang Taek and Martinez, Francisco M and Scholl, Timothy J and Jasanoff, Alan and Arnold, Frances H},
  journal={Journal of Molecular Biology},
  year={2012},
  publisher={Elsevier}
}
@article{villeda2011ageing,
  title={The ageing systemic milieu negatively regulates neurogenesis and cognitive function},
  author={Villeda, Saul A and Luo, Jian and Mosher, Kira I and Zou, Bende and Britschgi, Markus and Bieri, Gregor and Stan, Trisha M and Fainberg, Nina and Ding, Zhaoqing and Eggel, Alexander and others},
  journal={Nature},
  volume={477},
  number={7362},
  pages={90--94},
  year={2011},
  publisher={Nature Publishing Group}
}
@article{feinberg2008gfp,
  title={GFP Reconstitution Across Synaptic Partners (GRASP) defines cell contacts and synapses in living nervous systems},
  author={Feinberg, Evan H and VanHoven, Miri K and Bendesky, Andres and Wang, George and Fetter, Richard D and Shen, Kang and Bargmann, Cornelia I},
  journal={Neuron},
  volume={57},
  number={3},
  pages={353--363},
  year={2008},
  publisher={Elsevier}
}
@article{mitra2003fluorescent,
  title={Fluorescent in situ sequencing on polymerase colonies},
  author={Mitra, Robi D and Shendure, Jay and Olejnik, Jerzy and Church, George M and others},
  journal={Analytical biochemistry},
  volume={320},
  number={1},
  pages={55--65},
  year={2003},
  publisher={Elsevier}
}
@article{roberts2012motor,
  title={Motor circuits are required to encode a sensory model for imitative learning},
  author={Roberts, Todd F and Gobes, Sharon MH and Murugan, Malavika and {\"O}lveczky, Bence P and Mooney, Richard},
  journal={Nature Neuroscience},
  year={2012},
  publisher={Nature Publishing Group}
}
@article{shahaf2001learning,
  title={Learning in networks of cortical neurons},
  author={Shahaf, Goded and Marom, Shimon},
  journal={The Journal of Neuroscience},
  volume={21},
  number={22},
  pages={8782--8788},
  year={2001},
  publisher={Soc Neuroscience}
}
@article{pautot2008colloid,
  title={Colloid-guided assembly of oriented 3D neuronal networks},
  author={Pautot, Sophie and Wyart, Claire and Isacoff, Ehud Y},
  journal={Nature methods},
  volume={5},
  number={8},
  pages={735--740},
  year={2008},
  publisher={Nature Publishing Group}
}
@article{wheeler2010designing,
  title={Designing neural networks in culture},
  author={Wheeler, Bruce C and Brewer, Gregory J},
  journal={Proceedings of the IEEE},
  volume={98},
  number={3},
  pages={398--406},
  year={2010},
  publisher={IEEE}
}
@article{mardis2013next,
  title={Next-Generation Sequencing Platforms},
  author={Mardis, Elaine R},
  journal={Annual Review of Analytical Chemistry},
  volume={6},
  number={1},
  year={2013},
  publisher={Annual Reviews 4139 El Camino Way, PO Box 10139, Palo Alto, California 94303-0139, USA}
}
@article{kording2011toasters,
  title={Of toasters and molecular ticker tapes},
  author={Kording, Konrad P},
  journal={PLoS computational biology},
  volume={7},
  number={12},
  pages={e1002291},
  year={2011},
  publisher={Public Library of Science}
}
@article{zador2012sequencing,
  title={Sequencing the connectome},
  author={Zador, Anthony M and Dubnau, Joshua and Oyibo, Hassana K and Zhan, Huiqing and Cao, Gang and Peikon, Ian D},
  journal={PLoS biology},
  volume={10},
  number={10},
  pages={e1001411},
  year={2012},
  publisher={Public Library of Science}
}