% biafra ahanonu
% updated: 2013.06.07

@article{gilja2012high,
  title={A high-performance neural prosthesis enabled by control algorithm design},
  author={Gilja, Vikash and Nuyujukian, Paul and Chestek, Cindy A and Cunningham, John P and Byron, M Yu and Fan, Joline M and Churchland, Mark M and Kaufman, Matthew T and Kao, Jonathan C and Ryu, Stephen I and others},
  journal={Nature neuroscience},
  year={2012},
  publisher={Nature Publishing Group}
}
@article{srinivasan2007general,
  title={General-purpose filter design for neural prosthetic devices},
  author={Srinivasan, Lakshminarayan and Eden, Uri T and Mitter, Sanjoy K and Brown, Emery N},
  journal={Journal of Neurophysiology},
  volume={98},
  number={4},
  pages={2456--2475},
  year={2007},
  publisher={Am Physiological Soc}
}
@article{royer2010eeg,
  title={EEG control of a virtual helicopter in 3-dimensional space using intelligent control strategies},
  author={Royer, Audrey S and Doud, Alexander J and Rose, Minn L and He, Bin},
  journal={Neural Systems and Rehabilitation Engineering, IEEE Transactions on},
  volume={18},
  number={6},
  pages={581--589},
  year={2010},
  publisher={IEEE}
}
@article{doud2011continuous,
  title={Continuous three-dimensional control of a virtual helicopter using a motor imagery based brain-computer interface},
  author={Doud, Alexander J and Lucas, John P and Pisansky, Marc T and He, Bin},
  journal={PloS one},
  volume={6},
  number={10},
  pages={e26322},
  year={2011},
  publisher={Public Library of Science}
}
@article{quan2011parallel,
  title={Parallel on-chip gene synthesis and application to optimization of protein expression},
  author={Quan, Jiayuan and Saaem, Ishtiaq and Tang, Nicholas and Ma, Siying and Negre, Nicolas and Gong, Hui and White, Kevin P and Tian, Jingdong},
  journal={Nature biotechnology},
  volume={29},
  number={5},
  pages={449--452},
  year={2011},
  publisher={Nature Publishing Group}
}