biafra ahanonu
updated: 2013.05.18
mind reader

directed evolution
@article{hida2007,
  title={Directed evolution for drug and nucleic acid delivery},
  author={Hida, Kaoru},
  journal={Advanced Drug Delivery Reviews},
  volume={},
  number={},
  pages={},
  year={2007},
  publisher={}
}

brain
@article{roth2005evolution,
  title={Evolution of the brain and intelligence},
  author={Roth, Gerhard and Dicke, Ursula},
  journal={Trends in cognitive sciences},
  volume={9},
  number={5},
  pages={250--257},
  year={2005},
  publisher={Elsevier}
}

connectome downstream analysis
@article{vogelstein2011mental,
  title={Are mental properties supervenient on brain properties?},
  author={Vogelstein, Joshua T and Vogelstein, R Jacob and Priebe, Carey E},
  journal={Scientific reports},
  volume={1},
  year={2011},
  publisher={Nature Publishing Group}
}
@article{ascolimind,
  title={The Mind-Brain Relationship as a Mathematical Problem},
  author={Ascoli, Giorgio A}
}

c. elegans
@article{white1986structure,
  title={The structure of the nervous system of the nematode Caenorhabditis elegans},
  author={White, John G and Southgate, Eileen and Thomson, J Nichol and Brenner, Sydney},
  journal={Philosophical Transactions of the Royal Society of London. B, Biological Sciences},
  volume={314},
  number={1165},
  pages={1--340},
  year={1986},
  publisher={The Royal Society}
}

2013.04.29 Adam Marblestone
@article{wang2007evolved,
  title={Evolved orthogonal ribosomes enhance the efficiency of synthetic genetic code expansion},
  author={Wang, Kaihang and Neumann, Heinz and Peak-Chew, Sew Y and Chin, Jason W},
  journal={Nature biotechnology},
  volume={25},
  number={7},
  pages={770--777},
  year={2007},
  publisher={Nature Publishing Group}
}

@article{feinberg2008gfp,
  title={GFP Reconstitution Across Synaptic Partners (GRASP) defines cell contacts and synapses in living nervous systems},
  author={Feinberg, Evan H and VanHoven, Miri K and Bendesky, Andres and Wang, George and Fetter, Richard D and Shen, Kang and Bargmann, Cornelia I},
  journal={Neuron},
  volume={57},
  number={3},
  pages={353--363},
  year={2008},
  publisher={Elsevier}
}
@article{arnold2007polarized,
  title={Polarized targeting of ion channels in neurons},
  author={Arnold, Don B},
  journal={Pfl{\"u}gers Archiv-European Journal of Physiology},
  volume={453},
  number={6},
  pages={763--769},
  year={2007},
  publisher={Springer}
}
@article{choi2010programmable,
  title={Programmable in situ amplification for multiplexed imaging of mRNA expression},
  author={Choi, Harry MT and Chang, Joann Y and Trinh, Le A and Padilla, Jennifer E and Fraser, Scott E and Pierce, Niles A},
  journal={Nature biotechnology},
  volume={28},
  number={11},
  pages={1208--1212},
  year={2010},
  publisher={Nature Publishing Group}
}
@article{fukunaga1998genome,
  title={A genome compiler for high performance genetic programming},
  author={Fukunaga, Alex and Stechert, Andre and Mutz, Darren},
  journal={Genetic Programming},
  pages={86--94},
  year={1998}
}
@Article{williams1988,
   Author="Williams, R. W.  and Herrup, K. ",
   Title="{{T}he control of neuron number}",
   Journal="Annu. Rev. Neurosci.",
   Year="1988",
   Volume="11",
   Pages="423--453"
}
animal models
@article{van2010can,
  title={Can animal models of disease reliably inform human studies?},
  author={van der Worp, H Bart and Howells, David W and Sena, Emily S and Porritt, Michelle J and Rewell, Sarah and O'Collins, Victoria and Macleod, Malcolm R},
  journal={PLoS medicine},
  volume={7},
  number={3},
  pages={e1000245},
  year={2010},
  publisher={Public Library of Science}
}
@article{hackam2006translation,
  title={Translation of research evidence from animals to humans},
  author={Hackam, Daniel G and Redelmeier, Donald A},
  journal={JAMA: the journal of the American Medical Association},
  volume={296},
  number={14},
  pages={1731--1732},
  year={2006},
  publisher={Am Med Assoc}
}
%sequencing
polonies
@article{mitra2003fluorescent,
  title={Fluorescent in situ sequencing on polymerase colonies},
  author={Mitra, Robi D and Shendure, Jay and Olejnik, Jerzy and Church, George M and others},
  journal={Analytical biochemistry},
  volume={320},
  number={1},
  pages={55--65},
  year={2003},
  publisher={Elsevier}
}
@article{metzker2009sequencing,
  title={Sequencing technologiesâ€”the next generation},
  author={Metzker, Michael L},
  journal={Nature Reviews Genetics},
  volume={11},
  number={1},
  pages={31--46},
  year={2009},
  publisher={Nature Publishing Group}
}
@article{peters2012accurate,
  title={Accurate whole-genome sequencing and haplotyping from 10 to 20 human cells},
  author={Peters, Brock A and Kermani, Bahram G and Sparks, Andrew B and Alferov, Oleg and Hong, Peter and Alexeev, Andrei and Jiang, Yuan and Dahl, Fredrik and Tang, Y Tom and Haas, Juergen and others},
  journal={Nature},
  volume={487},
  number={7406},
  pages={190--195},
  year={2012},
  publisher={Nature Publishing Group}
}
@article{kinde2011detection,
  title={Detection and quantification of rare mutations with massively parallel sequencing},
  author={Kinde, Isaac and Wu, Jian and Papadopoulos, Nick and Kinzler, Kenneth W and Vogelstein, Bert},
  journal={Proceedings of the National Academy of Sciences},
  volume={108},
  number={23},
  pages={9530--9535},
  year={2011},
  publisher={National Acad Sciences}
}
@article{geschwind2009neuroscience,
  title={Neuroscience in the era of functional genomics and systems biology},
  author={Geschwind, Daniel H and Konopka, Genevieve},
  journal={Nature},
  volume={461},
  number={7266},
  pages={908--915},
  year={2009},
  publisher={Nature Publishing Group}
}
@article{paninski2007statistical,
  title={Statistical models for neural encoding, decoding, and optimal stimulus design},
  author={Paninski, Liam and Pillow, Jonathan and Lewi, Jeremy},
  journal={Progress in brain research},
  volume={165},
  pages={493--507},
  year={2007},
  publisher={Elsevier}
}
brain facts
@article{roth2005evolution,
  title={Evolution of the brain and intelligence},
  author={Roth, Gerhard and Dicke, Ursula},
  journal={Trends in cognitive sciences},
  volume={9},
  number={5},
  pages={250--257},
  year={2005},
  publisher={Elsevier}
}
@article{raichle2002appraising,
  title={Appraising the brain's energy budget},
  author={Raichle, Marcus E and Gusnard, Debra A},
  journal={Proceedings of the National Academy of Sciences},
  volume={99},
  number={16},
  pages={10237--10239},
  year={2002},
  publisher={National Acad Sciences}
}
@article{williams1988control,
  title={The control of neuron number},
  author={Williams, Robert W and Herrup, Karl},
  journal={Annual review of neuroscience},
  volume={11},
  number={1},
  pages={423--453},
  year={1988},
  publisher={Annual Reviews 4139 El Camino Way, PO Box 10139, Palo Alto, CA 94303-0139, USA}
}
@incollection{williams2000mapping,
  title={Mapping genes that modulate mouse brain development: a quantitative genetic approach},
  author={Williams, Robert W},
  booktitle={Mouse brain development},
  pages={21--49},
  year={2000},
  publisher={Springer}
}
optics
@article{rust2006sub,
  title={Sub-diffraction-limit imaging by stochastic optical reconstruction microscopy (STORM)},
  author={Rust, Michael J and Bates, Mark and Zhuang, Xiaowei},
  journal={Nature methods},
  volume={3},
  number={10},
  pages={793--796},
  year={2006},
  publisher={Nature Publishing Group}
}
@article{azevedo2009equal,
  title={Equal numbers of neuronal and nonneuronal cells make the human brain an isometrically scaled-up primate brain},
  author={Azevedo, Frederico AC and Carvalho, Ludmila RB and Grinberg, Lea T and Farfel, Jos{\'e} Marcelo and Ferretti, Renata EL and Leite, Renata EP and Lent, Roberto and Herculano-Houzel, Suzana and others},
  journal={Journal of Comparative Neurology},
  volume={513},
  number={5},
  pages={532--541},
  year={2009},
  publisher={Wiley Online Library}
}
@article{bell1972effect,
  title={Effect of technology on near term computer structures},
  author={Bell, C Gordon and Chen, Robert and Rege, Satish},
  journal={Computer},
  volume={5},
  number={2},
  pages={29--38},
  year={1972},
  publisher={IEEE}
}
@misc{moore1965cramming,
  title={Cramming more components onto integrated circuits},
  author={Moore, Gordon E and others},
  year={1965},
  publisher={McGraw-Hill}
}
@article{alivisatos2013nanotools,
  title={Nanotools for neuroscience and brain activity mapping},
  author={Alivisatos, A Paul and Andrews, Anne M and Boyden, Edward S and Chun, Miyoung and Church, George M and Deisseroth, Karl and Donoghue, John P and Fraser, Scott E and Lippincott-Schwartz, Jennifer and Looger, Loren L and others},
  journal={ACS nano},
  year={2013},
  publisher={ACS Publications}
}
@inproceedings{singhal2008inside,
  title={Inside Intel next generation Nehalem microarchitecture},
  author={Singhal, Ronak},
  booktitle={Hot Chips},
  volume={20},
  year={2008}
}
@article{akerboom2012optimization,
  title={Optimization of a GCaMP calcium indicator for neural activity imaging},
  author={Akerboom, Jasper and Chen, Tsai-Wen and Wardill, Trevor J and Tian, Lin and Marvin, Jonathan S and Mutlu, Sevin{\c{c}} and Calder{\'o}n, Nicole Carreras and Esposti, Federico and Borghuis, Bart G and Sun, Xiaonan Richard and others},
  journal={The Journal of Neuroscience},
  volume={32},
  number={40},
  pages={13819--13840},
  year={2012},
  publisher={Soc Neuroscience}
}
@article{dombeck2004optical,
  title={Optical recording of action potentials with second-harmonic generation microscopy},
  author={Dombeck, Daniel A and Blanchard-Desce, Mireille and Webb, Watt W},
  journal={The Journal of neuroscience},
  volume={24},
  number={4},
  pages={999--1003},
  year={2004},
  publisher={Soc Neuroscience}
}
@article{kralj2011optical,
  title={Optical recording of action potentials in mammalian neurons using a microbial rhodopsin},
  author={Kralj, Joel M and Douglass, Adam D and Hochbaum, Daniel R and Maclaurin, Dougal and Cohen, Adam E},
  journal={Nature Methods},
  volume={9},
  number={1},
  pages={90--95},
  year={2011},
  publisher={Nature Publishing Group}
}
@incollection{conlon2011transgenic,
  title={Transgenic and gene targeted models of dementia},
  author={Conlon, Ronald A},
  booktitle={Animal Models of Dementia},
  pages={77--90},
  year={2011},
  publisher={Springer}
}
@article{maex2003resonant,
  title={Resonant synchronization in heterogeneous networks of inhibitory neurons},
  author={Maex, Reinoud and De Schutter, Erik},
  journal={The Journal of neuroscience},
  volume={23},
  number={33},
  pages={10503--10514},
  year={2003},
  publisher={Soc Neuroscience}
}
@article{schermelleh2010guide,
  title={A guide to super-resolution fluorescence microscopy},
  author={Schermelleh, Lothar and Heintzmann, Rainer and Leonhardt, Heinrich},
  journal={The Journal of cell biology},
  volume={190},
  number={2},
  pages={165--175},
  year={2010},
  publisher={Rockefeller Univ Press}
}