biafra ahanonu
updated: 2013.05.18

viruses
@article{callaway2008transneuronal,
  title={Transneuronal circuit tracing with neurotropic viruses},
  author={Callaway, Edward M},
  journal={Current opinion in neurobiology},
  volume={18},
  number={6},
  pages={617--623},
  year={2008},
  publisher={Elsevier}
}
@article{marshel2010targeting,
  title={Targeting single neuronal networks for gene expression and cell labeling in vivo},
  author={Marshel, James H and Mori, Takuma and Nielsen, Kristina J and Callaway, Edward M},
  journal={Neuron},
  volume={67},
  number={4},
  pages={562--574},
  year={2010},
  publisher={Elsevier}
}

networks
@article{vadakkan2013supplementary,
  title={A supplementary circuit rule-set for the neuronal wiring},
  author={Vadakkan, Kunjumon I},
  journal={Frontiers in human neuroscience},
  volume={7},
  year={2013},
  publisher={Frontiers Media SA}
}
@article{dehaene1997hierarchical,
  title={A hierarchical neuronal network for planning behavior},
  author={Dehaene, Stanislas and Changeux, Jean-Pierre},
  journal={Proceedings of the National Academy of Sciences},
  volume={94},
  number={24},
  pages={13293--13298},
  year={1997},
  publisher={National Acad Sciences}
}
@article{amaral2000classes,
  title={Classes of small-world networks},
  author={Amaral, Lu{\i}s A Nunes and Scala, Antonio and Barth{\'e}l{\'e}my, Marc and Stanley, H Eugene},
  journal={Proceedings of the National Academy of Sciences},
  volume={97},
  number={21},
  pages={11149--11152},
  year={2000},
  publisher={National Acad Sciences}
}
@article{shahaf2001learning,
  title={Learning in networks of cortical neurons},
  author={Shahaf, Goded and Marom, Shimon},
  journal={The Journal of Neuroscience},
  volume={21},
  number={22},
  pages={8782--8788},
  year={2001},
  publisher={Soc Neuroscience}
}
@article{perin2011synaptic,
  title={A synaptic organizing principle for cortical neuronal groups},
  author={Perin, Rodrigo and Berger, Thomas K and Markram, Henry},
  journal={Proceedings of the National Academy of Sciences},
  volume={108},
  number={13},
  pages={5419--5424},
  year={2011},
  publisher={National Acad Sciences}
}


@incollection{williams2000mapping,
  title={Mapping genes that modulate mouse brain development: a quantitative genetic approach},
  author={Williams, Robert W},
  booktitle={Mouse brain development},
  pages={21--49},
  year={2000},
  publisher={Springer}
}
@article{walsh1992,
  title={Widespread Dispersion of Neuronal Clones Across Functional Regions of the Cerebral Cortex},
  author={Walsh, Christopher and Cepko, Constance},
  journal={Science},
  volume={255},
  number={5043},
  pages={434--440},
  year={1992},
  publisher={JSTOR}
}
@article{kirkwood1992dispersion,
  title={The dispersion of neuronal clones across the cerebral cortex},
  author={Kirkwood, TB and Price, Jack and Grove, Elizabeth A},
  journal={Science},
  volume={258},
  number={5080},
  pages={317--320},
  year={1992},
  publisher={American Association for the Advancement of Science}
}
@article{wickersham2007,
  title={Monosynaptic restriction of transsynaptic tracing from single, genetically targeted neurons},
  author={Wickersham, Ian R and Lyon, David C and Barnard, Richard JO and Mori, Takuma and Finke, Stefan and Conzelmann, Karl-Klaus and Young, John AT and Callaway, Edward M},
  journal={Neuron},
  volume={53},
  number={5},
  pages={639--647},
  year={2007},
  publisher={Elsevier}
}
@article{livet2007,
  title={Transgenic strategies for combinatorial expression of fluorescent proteins in the nervous system},
  author={Livet, Jean and Weissman, Tamily A and Kang, Hyuno and Lu, Ju and Bennis, Robyn A and Sanes, Joshua R and Lichtman, Jeff W},
  journal={Nature},
  volume={450},
  number={7166},
  pages={56--62},
  year={2007},
  publisher={Nature Publishing Group}
}
@article{osakada2011,
  title={New rabies virus variants for monitoring and manipulating activity and gene expression in defined neural circuits},
  author={Osakada, Fumitaka and Mori, Takuma and Cetin, Ali H and Marshel, James H and Virgen, Beatriz and Callaway, Edward M},
  journal={Neuron},
  volume={71},
  number={4},
  pages={617--631},
  year={2011},
  publisher={Elsevier}
}
@article{lasda2011trans,
  title={Trans-splicing},
  author={Lasda, Erika L and Blumenthal, Thomas},
  journal={Wiley Interdisciplinary Reviews: RNA},
  volume={2},
  number={3},
  pages={417--434},
  year={2011},
  publisher={Wiley Online Library}
}
@article{machens2005flexible,
  title={Flexible control of mutual inhibition: a neural model of two-interval discrimination},
  author={Machens, Christian K and Romo, Ranulfo and Brody, Carlos D},
  journal={Science},
  volume={307},
  number={5712},
  pages={1121--1124},
  year={2005},
  publisher={American Association for the Advancement of Science}
}
@article{song2005highly,
  title={Highly nonrandom features of synaptic connectivity in local cortical circuits},
  author={Song, Sen and Sj{\"o}str{\"o}m, Per Jesper and Reigl, Markus and Nelson, Sacha and Chklovskii, Dmitri B},
  journal={PLoS biology},
  volume={3},
  number={3},
  pages={e68},
  year={2005},
  publisher={Public Library of Science}
}
@article{lein2006genome,
  title={Genome-wide atlas of gene expression in the adult mouse brain},
  author={Lein, Ed S and Hawrylycz, Michael J and Ao, Nancy and Ayres, Mikael and Bensinger, Amy and Bernard, Amy and Boe, Andrew F and Boguski, Mark S and Brockway, Kevin S and Byrnes, Emi J and others},
  journal={Nature},
  volume={445},
  number={7124},
  pages={168--176},
  year={2006},
  publisher={Nature Publishing Group}
}
@article{sporns2011human,
  title={The human connectome: a complex network},
  author={Sporns, Olaf},
  journal={Annals of the New York Academy of Sciences},
  volume={1224},
  number={1},
  pages={109--125},
  year={2011},
  publisher={Wiley Online Library}
}
@article{oyibo2011probing,
  title={Probing the connectivity of neural circuits at single-neuron resolution using high-throughput DNA sequencing},
  author={Oyibo, Hassana and Cao, Gang and Zhan, Huiqing and Koulakov, Alex and Enquist, Lynn and Dubnau, Joshua and Zador, Anthony},
  year={2011},
  publisher={Nature Publishing Group}
}
@article{oyibo2013probing,
  title={Converting neural circuit connectivity into a high-throughput DNA sequencing problem using Pseudorabies Virus},
  author={Oyibo, Hassana and Cao, Gang and Zhan, Huiqing and Koulakov, Alex and Enquist, Lynn and Dubnau, Joshua and Zador, Anthony},
  year={2013},
  publisher={Unpublished}
}
@article{zador2013personal,
  title={Personal Communication},
  author={Zador, Anthony},
  year={2013},
  publisher={Email}
}
@article{zador2012sequencing,
  title={Sequencing the connectome},
  author={Zador, Anthony M and Dubnau, Joshua and Oyibo, Hassana K and Zhan, Huiqing and Cao, Gang and Peikon, Ian D},
  journal={PLoS biology},
  volume={10},
  number={10},
  pages={e1001411},
  year={2012},
  publisher={Public Library of Science}
}
@article{huang2009super,
  title={Super resolution fluorescence microscopy},
  author={Huang, Bo and Bates, Mark and Zhuang, Xiaowei},
  journal={Annual review of biochemistry},
  volume={78},
  pages={993},
  year={2009},
  publisher={NIH Public Access}
}
@article{schermelleh2010guide,
  title={A guide to super-resolution fluorescence microscopy},
  author={Schermelleh, Lothar and Heintzmann, Rainer and Leonhardt, Heinrich},
  journal={The Journal of cell biology},
  volume={190},
  number={2},
  pages={165--175},
  year={2010},
  publisher={Rockefeller Univ Press}
}

cell type identification
@article{levsky2002single,
  title={Single-cell gene expression profiling},
  author={Levsky, Jeffrey M and Shenoy, Shailesh M and Pezo, Rossanna C and Singer, Robert H},
  journal={Science Signaling},
  volume={297},
  number={5582},
  pages={836},
  year={2002},
  publisher={AAAS}
}
@article{alonso2008gender,
  title={Gender differences in human cortical synaptic density},
  author={Alonso-Nanclares, Lidia and Gonzalez-Soriano, J and Rodriguez, JR and DeFelipe, Javier},
  journal={Proceedings of the National Academy of Sciences},
  volume={105},
  number={38},
  pages={14615--14619},
  year={2008},
  publisher={National Acad Sciences}
}
@article{gyohda2000purification,
  title={Purification and characterization of the R64 shufflon-specific recombinase},
  author={Gyohda, Atsuko and Komano, Teruya},
  journal={Journal of bacteriology},
  volume={182},
  number={10},
  pages={2787--2792},
  year={2000},
  publisher={Am Soc Microbiol}
}
@article{groth2000phage,
  title={A phage integrase directs efficient site-specific integration in human cells},
  author={Groth, Amy C and Olivares, Eric C and Thyagarajan, Bhaskar and Calos, Michele P},
  journal={Proceedings of the National Academy of Sciences},
  volume={97},
  number={11},
  pages={5995--6000},
  year={2000},
  publisher={National Acad Sciences}
}
@article{glenn2011field,
  title={Field guide to next-generation DNA sequencers},
  author={Glenn, Travis C},
  journal={Molecular Ecology Resources},
  volume={11},
  number={5},
  pages={759--769},
  year={2011},
  publisher={Wiley Online Library}
}
@incollection{card2012use,
  title={Use and Visualization of Neuroanatomical Viral Transneuronal Tracers},
  author={Card, J Patrick and Enquist, Lynn W},
  booktitle={Visualization Techniques},
  pages={225--268},
  year={2012},
  publisher={Springer}
}
@article{groth2000phage,
  title={A phage integrase directs efficient site-specific integration in human cells},
  author={Groth, Amy C and Olivares, Eric C and Thyagarajan, Bhaskar and Calos, Michele P},
  journal={Proceedings of the National Academy of Sciences},
  volume={97},
  number={11},
  pages={5995--6000},
  year={2000},
  publisher={National Acad Sciences}
}
@article{golden1995construction,
  title={Construction and characterization of a highly complex retroviral library for lineage analysis},
  author={Golden, Jeffrey A and Fields-Berry, Shawn C and Cepko, Constance L},
  journal={Proceedings of the National Academy of Sciences},
  volume={92},
  number={12},
  pages={5704--5708},
  year={1995},
  publisher={National Acad Sciences}
}
@article{micheva2007array,
  title={Array tomography: a new tool for imaging the molecular architecture and ultrastructure of neural circuits},
  author={Micheva, Kristina D and Smith, Stephen J},
  journal={Neuron},
  volume={55},
  number={1},
  pages={25--36},
  year={2007},
  publisher={Elsevier}
}