biafra ahanonu
updated: 2013.05.18
references about measuring neuronal activity using sequencing

@article{glaser2013,
  title={Statistical analysis of molecular signal recording },
  author={Joshua Glaser and Bradley Zamft and Adam Marblestone and Jeffrey Moffitt and Keith Tyo and Edward Boyden and George Church and Konrad Kording },
  journal={PLoS Computational Biology},
  volume={},
  number={},
  pages={},
  year={2013},
  publisher={}
}
@article{marblestone2013personal,
  title={Personal Communication},
  author={Adam Marblestone},
  year={2013},
  publisher={Email}
}
@article{stent1978neuronal,
  title={Neuronal generation of the leech swimming movement},
  author={Stent, Gunther S and Kristan Jr, William B and Friesen, W Otto and Ort, Carol A and Poon, Margaret and Calabrese, Ronald L},
  journal={Science},
  volume={200},
  number={4348},
  pages={1348--1357},
  year={1978},
  publisher={American Association for the Advancement of Science}
}
@article{kording2011,
  title={Of toasters and molecular ticker tapes},
  author={Kording, Konrad P},
  journal={PLoS computational biology},
  volume={7},
  number={12},
  pages={e1002291},
  year={2011},
  publisher={Public Library of Science}
}
@article{Chung2013CLARITY,
  title={Structural and molecular interrogation of intact biological systems},
  author={Chung, Kwanghun and Wallace, Jenelle and Kim, Sung-Yon and Kalyanasundaram, Sandhiya and Andalman, Aaron S and Davidson, Thomas J and Mirzabekov, Julie J and Zalocusky, Kelly A and Mattis, Joanna and Denisin, Aleksandra K and others},
  journal={Nature},
  volume={497},
  number={7449},
  pages={332--337},
  year={2013},
  publisher={Nature Publishing Group}	
}
@article{Kuwajima2013ClearT,
  title={ClearT: a detergent-and solvent-free clearing method for neuronal and non-neuronal tissue},
  author={Kuwajima, Takaaki and Sitko, Austen A and Bhansali, Punita and Jurgens, Chris and Guido, William and Mason, Carol},
  journal={Development},
  volume={140},
  number={6},
  pages={1364--1368},
  year={2013},
  publisher={The Company of Biologists Limited}	
}
@article{beard2002efficiency,
  title={Efficiency of correct nucleotide insertion governs DNA polymerase fidelity},
  author={Beard, William A and Shock, David D and Berg, Brian J Vande and Wilson, Samuel H},
  journal={Journal of Biological Chemistry},
  volume={277},
  number={49},
  pages={47393--47398},
  year={2002},
  publisher={ASBMB}
}
@article{zamft2012measuring,
  title={Measuring Cation Dependent DNA Polymerase Fidelity Landscapes by Deep Sequencing},
  author={Zamft, Bradley Michael and Marblestone, Adam H and Kording, Konrad and Schmidt, Daniel and Martin-Alarcon, Daniel and Tyo, Keith and Boyden, Edward S and Church, George},
  journal={PloS one},
  volume={7},
  number={8},
  pages={e43876},
  year={2012},
  publisher={Public Library of Science}
}
@article{kording2011toasters,
  title={Of toasters and molecular ticker tapes},
  author={Kording, Konrad P},
  journal={PLoS computational biology},
  volume={7},
  number={12},
  pages={e1002291},
  year={2011},
  publisher={Public Library of Science}
}
@article{mutsafi2010vaccinia,
  title={Vaccinia-like cytoplasmic replication of the giant Mimivirus},
  author={Mutsafi, Yael and Zauberman, Nathan and Sabanay, Ilana and Minsky, Abraham},
  journal={Proceedings of the National Academy of Sciences},
  volume={107},
  number={13},
  pages={5978--5982},
  year={2010},
  publisher={National Acad Sciences}
}
@article{cheng2012plasma,
  title={Plasma membrane associated transcription of cytoplasmic DNA},
  author={Cheng, Julong and Torkamani, Ali and Peng, Yingjie and Jones, Teresa M and Lerner, Richard A},
  journal={Proceedings of the National Academy of Sciences},
  volume={109},
  number={27},
  pages={10827--10831},
  year={2012},
  publisher={National Acad Sciences}
}
@article{schwartz2009single,
  title={Single molecule measurement of the “speed limit” of DNA polymerase},
  author={Schwartz, Jerrod J and Quake, Stephen R},
  journal={Proceedings of the National Academy of Sciences},
  volume={106},
  number={48},
  pages={20294--20299},
  year={2009},
  publisher={National Acad Sciences}
}
@article{da2011communication,
  title={Communication structure of cortical networks},
  author={da Fontoura Costa, Luciano and Batista, Jo{\~a}o Luiz B and Ascoli, Giorgio A},
  journal={Frontiers in computational neuroscience},
  volume={5},
  year={2011},
  publisher={Frontiers Research Foundation}
}
@article{sepulcre2012network,
  title={Network assemblies in the functional brain},
  author={Sepulcre, Jorge and Sabuncu, Mert R and Johnson, Keith A},
  journal={Current Opinion in Neurology},
  volume={25},
  number={4},
  pages={384--391},
  year={2012},
  publisher={LWW}
}
@article{toga2012mapping,
  title={Mapping the human connectome},
  author={Toga, Arthur W and Clark, Kristi A and Thompson, Paul M and Shattuck, David W and Van Horn, John Darrell},
  journal={Neurosurgery},
  volume={71},
  number={1},
  pages={1--5},
  year={2012},
  publisher={LWW}
}
@article{hill2012statistical,
  title={Statistical connectivity provides a sufficient foundation for specific functional connectivity in neocortical neural microcircuits},
  author={Hill, Sean L and Wang, Yun and Riachi, Imad and Sch{\"u}rmann, Felix and Markram, Henry},
  journal={Proceedings of the National Academy of Sciences},
  volume={109},
  number={42},
  pages={E2885--E2894},
  year={2012},
  publisher={National Acad Sciences}
}
@article{yoshizawa2009gastrointestinal,
  title={Gastrointestinal hyperplasia with altered expression of DNA polymerase $\beta$},
  author={Yoshizawa, Katsuhiko and Jelezcova, Elena and Brown, Ashley R and Foley, Julie F and Nyska, Abraham and Cui, Xiangli and Hofseth, Lorne J and Maronpot, Robert M and Wilson, Samuel H and Sepulveda, Antonia R and others},
  journal={PloS one},
  volume={4},
  number={8},
  pages={e6493},
  year={2009},
  publisher={Public Library of Science}
}
@article{bailey2009mice,
  title={Mice expressing an error-prone DNA polymerase in mitochondria display elevated replication pausing and chromosomal breakage at fragile sites of mitochondrial DNA},
  author={Bailey, Laura J and Cluett, Tricia J and Reyes, Aurelio and Prolla, Tom A and Poulton, Joanna and Leeuwenburgh, Christiaan and Holt, Ian J},
  journal={Nucleic acids research},
  volume={37},
  number={7},
  pages={2327--2335},
  year={2009},
  publisher={Oxford Univ Press}
}
@article{trifunovic2004premature,
  title={Premature ageing in mice expressing defective mitochondrial DNA polymerase},
  author={Trifunovic, Aleksandra and Wredenberg, Anna and Falkenberg, Maria and Spelbrink, Johannes N and Rovio, Anja T and Bruder, Carl E and Bohlooly-Y, Mohammad and Gidl{\"o}f, Sebastian and Oldfors, Anders and Wibom, Rolf and others},
  journal={Nature},
  volume={429},
  number={6990},
  pages={417--423},
  year={2004},
  publisher={Nature Publishing Group}
}
@article{spelbrink2000vivo,
  title={In vivo functional analysis of the human mitochondrial DNA polymerase POLG expressed in cultured human cells},
  author={Spelbrink, Johannes N and Toivonen, Janne M and Hakkaart, Gerrit AJ and Kurkela, Johanna M and Cooper, Helen M and Lehtinen, Sanna K and Lecrenier, Nicolas and Back, Jaap Willem and Speijer, Dave and Foury, Fran{\c{c}}oise and others},
  journal={Journal of Biological Chemistry},
  volume={275},
  number={32},
  pages={24818--24828},
  year={2000},
  publisher={ASBMB}
}
@article{hell1994breaking,
  title={Breaking the diffraction resolution limit by stimulated emission: stimulated-emission-depletion fluorescence microscopy},
  author={Hell, Stefan W and Wichmann, Jan},
  journal={Optics letters},
  volume={19},
  number={11},
  pages={780--782},
  year={1994},
  publisher={Optical Society of America}
}
@article{beliveau2012versatile,
  title={Versatile design and synthesis platform for visualizing genomes with Oligopaint FISH probes},
  author={Beliveau, Brian J and Joyce, Eric F and Apostolopoulos, Nicholas and Yilmaz, Feyza and Fonseka, Chamith Y and McCole, Ruth B and Chang, Yiming and Li, Jin Billy and Senaratne, Tharanga Niroshini and Williams, Benjamin R and others},
  journal={Proceedings of the National Academy of Sciences},
  volume={109},
  number={52},
  pages={21301--21306},
  year={2012},
  publisher={National Acad Sciences}
}
@article{bootman2009update,
  title={An update on nuclear calcium signalling},
  author={Bootman, Martin D and Fearnley, Claire and Smyrnias, Ioannis and MacDonald, Fraser and Roderick, H Llewelyn},
  journal={Journal of Cell Science},
  volume={122},
  number={14},
  pages={2337--2350},
  year={2009},
  publisher={The Company of Biologists Ltd}
}