biafra ahanonu
updated: 2013.05.21

@article{mardis2013next,
  title={Next-Generation Sequencing Platforms},
  author={Mardis, Elaine R},
  journal={Annual Review of Analytical Chemistry},
  volume={6},
  number={1},
  year={2013},
  publisher={Annual Reviews 4139 El Camino Way, PO Box 10139, Palo Alto, California 94303-0139, USA}
}
@article{suzuki2011comparison,
  title={Comparison of sequence reads obtained from three next-generation sequencing platforms},
  author={Suzuki, Shingo and Ono, Naoaki and Furusawa, Chikara and Ying, Bei-Wen and Yomo, Tetsuya},
  journal={PloS one},
  volume={6},
  number={5},
  pages={e19534},
  year={2011},
  publisher={Public Library of Science}
}
@article{quail2012tale,
  title={A tale of three next generation sequencing platforms: comparison of Ion Torrent, Pacific Biosciences and Illumina MiSeq sequencers},
  author={Quail, Michael A and Smith, Miriam and Coupland, Paul and Otto, Thomas D and Harris, Simon R and Connor, Thomas R and Bertoni, Anna and Swerdlow, Harold P and Gu, Yong},
  journal={BMC genomics},
  volume={13},
  number={1},
  pages={341},
  year={2012},
  publisher={BioMed Central Ltd}
}
@article{kasianowicz2008nanoscopic,
  title={Nanoscopic porous sensors},
  author={Kasianowicz, John J and Robertson, Joseph WF and Chan, Elaine R and Reiner, Joseph E and Stanford, Vincent M},
  journal={Annu. Rev. Anal. Chem.},
  volume={1},
  pages={737--766},
  year={2008},
  publisher={Annual Reviews}
}
@article{loman2012performance,
  title={Performance comparison of benchtop high-throughput sequencing platforms},
  author={Loman, Nicholas J and Misra, Raju V and Dallman, Timothy J and Constantinidou, Chrystala and Gharbia, Saheer E and Wain, John and Pallen, Mark J},
  journal={Nature biotechnology},
  volume={30},
  number={5},
  pages={434--439},
  year={2012},
  publisher={Nature Publishing Group}
}
@article{ratan2013comparison,
  title={Comparison of Sequencing Platforms for Single Nucleotide Variant Calls in a Human Sample},
  author={Ratan, Aakrosh and Miller, Webb and Guillory, Joseph and Stinson, Jeremy and Seshagiri, Somasekar and Schuster, Stephan C},
  journal={PloS one},
  volume={8},
  number={2},
  pages={e55089},
  year={2013},
  publisher={Public Library of Science}
}