biafra ahanonu
updated: 2013.05.18

@article{khalil2012synthetic,
  title={A synthetic biology framework for programming eukaryotic transcription functions},
  author={Khalil, Ahmad S and Lu, Timothy K and Bashor, Caleb J and Ramirez, Cherie L and Pyenson, Nora C and Joung, J Keith and Collins, James J},
  journal={Cell},
  volume={150},
  number={3},
  pages={647--658},
  year={2012},
  publisher={Elsevier}
}
@article{norholm2010mutant,
  title={A mutant Pfu DNA polymerase designed for advanced uracil-excision DNA engineering},
  author={N{\o}rholm, Morten HH},
  journal={BMC biotechnology},
  volume={10},
  number={1},
  pages={21},
  year={2010},
  publisher={BioMed Central Ltd}
}
@article{gyohda2000purification,
  title={Purification and characterization of the R64 shufflon-specific recombinase},
  author={Gyohda, Atsuko and Komano, Teruya},
  journal={Journal of bacteriology},
  volume={182},
  number={10},
  pages={2787--2792},
  year={2000},
  publisher={Am Soc Microbiol}
}
@article{langhorst2012polbase,
  title={Polbase: a repository of biochemical, genetic and structural information about DNA polymerases},
  author={Langhorst, Bradley W and Jack, William E and Reha-Krantz, Linda and Nichols, Nicole M},
  journal={Nucleic acids research},
  volume={40},
  number={D1},
  pages={D381--D387},
  year={2012},
  publisher={Oxford Univ Press}
}
@article{davidson2003insertion,
  title={Insertion of the T3 DNA polymerase thioredoxin binding domain enhances the processivity and fidelity of Taq DNA polymerase},
  author={Davidson, John F and Fox, Richard and Harris, Dawn D and Lyons-Abbott, Sally and Loeb, Lawrence A},
  journal={Nucleic acids research},
  volume={31},
  number={16},
  pages={4702--4709},
  year={2003},
  publisher={Oxford Univ Press}
}
@article{rittie2008enzymes,
  title={Enzymes used in molecular biology: a useful guide},
  author={Ritti{\'e}, Laure and Perbal, Bernard},
  journal={Journal of cell communication and signaling},
  volume={2},
  number={1-2},
  pages={25--45},
  year={2008},
  publisher={Springer}
}
@article{ghadessy2001directed,
  title={Directed evolution of polymerase function by compartmentalized self-replication},
  author={Ghadessy, Farid J and Ong, Jennifer L and Holliger, Philipp},
  journal={Proceedings of the National Academy of Sciences},
  volume={98},
  number={8},
  pages={4552--4557},
  year={2001},
  publisher={National Acad Sciences}
}
@article{xia2002directed,
  title={Directed evolution of novel polymerase activities: mutation of a DNA polymerase into an efficient RNA polymerase},
  author={Xia, Gang and Chen, Liangjing and Sera, Takashi and Fa, Ming and Schultz, Peter G and Romesberg, Floyd E},
  journal={Proceedings of the National Academy of Sciences},
  volume={99},
  number={10},
  pages={6597--6602},
  year={2002},
  publisher={National Acad Sciences}
}
@article{fa2004expanding,
  title={Expanding the substrate repertoire of a DNA polymerase by directed evolution},
  author={Fa, Ming and Radeghieri, Annalisa and Henry, Allison A and Romesberg, Floyd E},
  journal={Journal of the American Chemical Society},
  volume={126},
  number={6},
  pages={1748--1754},
  year={2004},
  publisher={ACS Publications}
}
@article{ghadessy2004generic,
  title={Generic expansion of the substrate spectrum of a DNA polymerase by directed evolution},
  author={Ghadessy, Farid J and Ramsay, Nicola and Boudsocq, Fran{\c{c}}ois and Loakes, David and Brown, Anthony and Iwai, Shigenori and Vaisman, Alexandra and Woodgate, Roger and Holliger, Philipp},
  journal={Nature biotechnology},
  volume={22},
  number={6},
  pages={755--759},
  year={2004},
  publisher={Nature Publishing Group}
}
@article{eder2007calcium,
  title={Calcium signals can freely cross the nuclear envelope in hippocampal neurons: somatic calcium increases generate nuclear calcium transients},
  author={Eder, Anja and Bading, Hilmar},
  journal={BMC neuroscience},
  volume={8},
  number={1},
  pages={57},
  year={2007},
  publisher={BioMed Central Ltd}
}