biafra ahanonu
updated: 2013.06.10

@article{kasianowicz2008nanoscopic,
  title={Nanoscopic porous sensors},
  author={Kasianowicz, John J and Robertson, Joseph WF and Chan, Elaine R and Reiner, Joseph E and Stanford, Vincent M},
  journal={Annu. Rev. Anal. Chem.},
  volume={1},
  pages={737--766},
  year={2008},
  publisher={Annual Reviews}
}
@article{korlach2008selective,
  title={Selective aluminum passivation for targeted immobilization of single DNA polymerase molecules in zero-mode waveguide nanostructures},
  author={Korlach, Jonas and Marks, Patrick J and Cicero, Ronald L and Gray, Jeremy J and Murphy, Devon L and Roitman, Daniel B and Pham, Thang T and Otto, Geoff A and Foquet, Mathieu and Turner, Stephen W},
  journal={Proceedings of the National Academy of Sciences},
  volume={105},
  number={4},
  pages={1176--1181},
  year={2008},
  publisher={National Acad Sciences}
}
@article{mannion2007nanofluidic,
  title={Nanofluidic structures for single biomolecule fluorescent detection},
  author={Mannion, JT and Craighead, HG},
  journal={Biopolymers},
  volume={85},
  number={2},
  pages={131--143},
  year={2007},
  publisher={Wiley Online Library}
}
@article{craighead2006future,
  title={Future lab-on-a-chip technologies for interrogating individual molecules},
  author={Craighead, Harold},
  journal={Nature},
  volume={442},
  number={7101},
  pages={387--393},
  year={2006},
  publisher={Nature Publishing Group}
}
@article{zhang2013plasmonic,
  title={Plasmonic Metal Nanostructure Array by Glancing Angle Deposition for Biosensing Application},
  author={Zhang, Nan and Su, Xiaodi and Free, Paul and Zhou, Xiaodong and Neoh, Koon Gee and Teng, Jinghua and Knoll, Wolfgang},
  journal={Sensors and Actuators B: Chemical},
  year={2013},
  publisher={Elsevier}
}
@incollection{heller2010next,
  title={Next-Generation DNA Hybridization and Self-Assembly Nanofabrication Devices},
  author={Heller, Michael J and Sullivan, Benjamin and Dehlinger, Dietrich and Swanson, Paul},
  booktitle={Springer Handbook of Nanotechnology},
  pages={389--401},
  year={2010},
  publisher={Springer}
}
@article{cai2010molecular,
  title={A molecular-imprint nanosensor for ultrasensitive detection of proteins},
  author={Cai, Dong and Ren, Lu and Zhao, Huaizhou and Xu, Chenjia and Zhang, Lu and Yu, Ying and Wang, Hengzhi and Lan, Yucheng and Roberts, Mary F and Chuang, Jeffrey H and others},
  journal={Nature nanotechnology},
  volume={5},
  number={8},
  pages={597--601},
  year={2010},
  publisher={Nature Publishing Group}
}
@article{min2011fast,
  title={Fast DNA sequencing with a graphene-based nanochannel device},
  author={Min, Seung Kyu and Kim, Woo Youn and Cho, Yeonchoo and Kim, Kwang S},
  journal={Nature nanotechnology},
  volume={6},
  number={3},
  pages={162--165},
  year={2011},
  publisher={Nature Publishing Group}
}
@article{seidl2010plane,
  title={In-plane silicon probes for simultaneous neural recording and drug delivery},
  author={Seidl, K and Spieth, S and Herwik, S and Steigert, J and Zengerle, R and Paul, O and Ruther, P},
  journal={Journal of Micromechanics and Microengineering},
  volume={20},
  number={10},
  pages={105006},
  year={2010},
  publisher={IOP Publishing}
}
@article{bernstein2012optogenetics,
  title={Optogenetics and thermogenetics: technologies for controlling the activity of targeted cells within intact neural circuits},
  author={Bernstein, Jacob G and Garrity, Paul A and Boyden, Edward S},
  journal={Current opinion in neurobiology},
  volume={22},
  number={1},
  pages={61--71},
  year={2012},
  publisher={Elsevier}
}
@article{stanley2012radio,
  title={Radio-wave heating of iron oxide nanoparticles can regulate plasma glucose in mice},
  author={Stanley, Sarah A and Gagner, Jennifer E and Damanpour, Shadi and Yoshida, Mitsukuni and Dordick, Jonathan S and Friedman, Jeffrey M},
  journal={Science Signaling},
  volume={336},
  number={6081},
  pages={604},
  year={2012},
  publisher={AAAS}
}
@article{huang2010remote,
  title={Remote control of ion channels and neurons through magnetic-field heating of nanoparticles},
  author={Huang, Heng and Delikanli, Savas and Zeng, Hao and Ferkey, Denise M and Pralle, Arnd},
  journal={Nature nanotechnology},
  volume={5},
  number={8},
  pages={602--606},
  year={2010},
  publisher={Nature Publishing Group}
}
@article{sundar2003fibre,
  title={Fibre-optical features of a glass sponge},
  author={Sundar, Vikram C and Yablon, Andrew D and Grazul, John L and Ilan, Micha and Aizenberg, Joanna and others},
  journal={Nature},
  volume={424},
  number={6951},
  pages={899--900},
  year={2003}
}
@article{loh2012compressive,
  title={Compressive genomics},
  author={Loh, Po-Ru and Baym, Michael and Berger, Bonnie},
  journal={Nature biotechnology},
  volume={30},
  number={7},
  pages={627--630},
  year={2012},
  publisher={Nature Publishing Group}
}
@article{bobrie2011exosome,
  title={Exosome secretion: molecular mechanisms and roles in immune responses},
  author={Bobrie, Ang{\'e}lique and Colombo, Marina and Raposo, Gra{\c{c}}a and Th{\'e}ry, Clotilde},
  journal={Traffic},
  volume={12},
  number={12},
  pages={1659--1668},
  year={2011},
  publisher={Wiley Online Library}
}
@article{bobrie2011exosome,
  title={Exosome secretion: molecular mechanisms and roles in immune responses},
  author={Bobrie, Ang{\'e}lique and Colombo, Marina and Raposo, Gra{\c{c}}a and Th{\'e}ry, Clotilde},
  journal={Traffic},
  volume={12},
  number={12},
  pages={1659--1668},
  year={2011},
  publisher={Wiley Online Library}
}
@article{huang2010breaking,
  title={Breaking the diffraction barrier: super-resolution imaging of cells},
  author={Huang, Bo and Babcock, Hazen and Zhuang, Xiaowei},
  journal={Cell},
  volume={143},
  number={7},
  pages={1047--1058},
  year={2010},
  publisher={Elsevier}
}
@article{boyden2013personal,
  title={Personal Communication},
  author={Boyden, Edward},
  year={2013},
  publisher={Email}
}