%biafra ahanonu
%LaTeX_Boilerplate
%updated: 2012.12.01
%Citations

@article{Nacuzzi:2007,
    author    = {Lidia Nacuzzi},
    title     = {Los grupos nómades de la patagonia y el chaco en el siglo xviii},
    journal   = {Revista de Antropología Chilena},
    volume   = {39},
    number   = {2},
    pages    = {221-234},
    year      = {2007},
    month    = {},
    note     = {},
}

@article{Cooper:1939,
    author    = {John Cooper},
    title     = {Is the Algonquian Family Hunting Ground System pre-Columbian?},
    journal   = {American Anthropologist},
    volume   = {41},
    number   = {1},
    pages    = {66-90},
    year      = {1939},
    month    = {},
    note     = {},
}

@book{Fernandez:1892,
  author    = {Francisco Fernandez y Gonzalez},
  title     = {Los Lenguajes Hablados  por  los Indígenas  del Norte y  Centro  de América},
  publisher = {Universidad  Literaria de la Habana},
  volume   = {},
  number   = {},
  series   = {},
  address  = {Madrid, Espana},
  edition  = {},
  year      = {1892},
  month    = {},
  isbn = {},
  note     = {},
}

@book{carlin2010linguistics,
  title = {Linguistics and Archaeology in the Americas: The Historization of Language and Society},
  author = {Carlin, E. and van de Kerke, S.},
  isbn = {9789004173620},
  lccn = {2010005005},
  series = {Brill's Studies in the Indigenous Languages of the Americas},
  url = {http://books.google.com/books?id=pqAdQwAACAAJ},
  year = {2010},
  publisher = {Brill}
}

@book{Febre:2005,
  author = {Alain Fabre},
  title = {Diccionario etnolingüístico y guía bibliográfica de los pueblos indígenas sudamericanos},
  publisher = {Geoprojects},
  volume = {},
  number = {},
  series = {},
  address = {Beirut, Lebanon},
  edition = {},
  year = {2005},
  month = {},
	isbn = {},
  note = {\url{butler.cc.tut.fi/~fabre/BookInternetVersio/Dic=Tupi.pdf}},
}

@booklet{Guia:Patagonia,
    author   = {Museo de Antropologia},
    title     = {Guia Microtipos: Patagonia Indgena},
    %howpublished   = {},
    %address  = {},
    year      = {2009},
    %month    = {},
    note     = {\url{http://www.museoantropologia.unc.edu.ar/pdf/MACROTIPOS/BROWSER/PatagoniaIndigenalow.pdf}},
}

@ONLINE{Britannica:Tehuelche:Online,
author = {Encyclopædia Britannica Online},
title = {Tehuelche},
month = May,
year = {2012},
url = {http://www.britannica.com/EBchecked/topic/585654/Tehuelche}
}

@ONLINE{algonquina:lengua:online,
author = {Promotora Espanola de Linguistica},
title = {Rama Algonquina},
month = May,
year = {2012},
url = {http://www.proel.org/index.php?pagina=mundo/amerindia/algonquin}
}

@ONLINE{algonquina:wigwams:online,
author = {Tara Prindle},
title = {Early Historic Descriptions of Wigwams},
month = {},
year = {2000},
url = {http://www.nativetech.org/wigwam/wigwamdoc.html}
}

@ONLINE{Advent:2009,
author = {New Advent},
title = {Algonquins},
month = {},
year = {2009},
url = {http://www.newadvent.org/cathen/01311b.htm}
}

@ONLINE{Sultzman:1999,
author = {Lee Sultzman},
title = {Algonkin History},
month = {April},
year = {1999},
url = {http://www.tolatsga.org/alg.html}
}